@article{Rey:2007ox,
	Author = {Rey, S. J. and Anselin, Luc},
	Date-Added = {2007-10-09 19:00:55 -0700},
	Date-Modified = {2012-06-18 18:42:08 +0000},
	Journal = {The Review of Regional Studies},
	Keywords = {STARS, ESDA, ESTDA},
	Local-Url = {file://localhost/Users/serge/Research/Bib/library/rrs07.pdf},
	Owner = {serge},
	Pages = {5-27},
	Timestamp = {2008.06.22},
	Title = {PySAL: A Python library of spatial analytical methods},
	Volume = {37},
	Year = {2007},
	Bdsk-File-1 = {YnBsaXN0MDDUAQIDBAUGJCVYJHZlcnNpb25YJG9iamVjdHNZJGFyY2hpdmVyVCR0b3ASAAGGoKgHCBMUFRYaIVUkbnVsbNMJCgsMDxJXTlMua2V5c1pOUy5vYmplY3RzViRjbGFzc6INDoACgAOiEBGABIAFgAdccmVsYXRpdmVQYXRoWWFsaWFzRGF0YV8QFGxpYnJhcnkvUmV5LzIwMDcucGRm0hcLGBlXTlMuZGF0YU8RAYoAAAAAAYoAAgAADE1hY2ludG9zaCBIRAAAAAAAAAAAAAAAAAAAAMwwsIJIKwAAAAYJeAgyMDA3LnBkZgAAAAAAAAAAAAAAAAAAAAAAAAAAAAAAAAAAAAAAAAAAAAAAAAAAAAAAAAAAAAAAAAAAAAAAAAAAsexSzm79MgAAAAAAAAAAAAEABAAACSAAAAAAAAAAAAAAAAAAAAADUmV5AAAQAAgAAMwxEvIAAAARAAgAAM5vX6IAAAABABgABgl4AAYI6QAGCCcABgeqAAXBygACDfkAAgA/TWFjaW50b3NoIEhEOlVzZXJzOgBzZXJnZToARHJvcGJveDoAYmliOgBsaWJyYXJ5OgBSZXk6ADIwMDcucGRmAAAOABIACAAyADAAMAA3AC4AcABkAGYADwAaAAwATQBhAGMAaQBuAHQAbwBzAGgAIABIAEQAEgAsVXNlcnMvc2VyZ2UvRHJvcGJveC9iaWIvbGlicmFyeS9SZXkvMjAwNy5wZGYAEwABLwAAFQACAAz//wAAgAbSGxwdHlokY2xhc3NuYW1lWCRjbGFzc2VzXU5TTXV0YWJsZURhdGGjHR8gVk5TRGF0YVhOU09iamVjdNIbHCIjXE5TRGljdGlvbmFyeaIiIF8QD05TS2V5ZWRBcmNoaXZlctEmJ1Ryb290gAEACAARABoAIwAtADIANwBAAEYATQBVAGAAZwBqAGwAbgBxAHMAdQB3AIQAjgClAKoAsgJAAkICRwJSAlsCaQJtAnQCfQKCAo8CkgKkAqcCrAAAAAAAAAIBAAAAAAAAACgAAAAAAAAAAAAAAAAAAAKu}}

